<mx:record xmlns="http://www.w3.org/TR/xhtml1/strict" xmlns:mx="http://www.loc.gov/MARC21/slim" xmlns:xsi="http://www.w3.org/2001/XMLSchema-instance"><mx:leader>00000nz   2200000n  0000</mx:leader><mx:controlfield tag="001">oca02959988 </mx:controlfield><mx:controlfield tag="005">19910605055611.0</mx:controlfield><mx:controlfield tag="008">910528n| acannaab|          |a aaa     c</mx:controlfield><mx:datafield ind1=" " ind2=" " tag="010"><mx:subfield code="a">no 91013588</mx:subfield></mx:datafield><mx:datafield ind1=" " ind2=" " tag="040"><mx:subfield code="a">InU</mx:subfield><mx:subfield code="c">InU</mx:subfield></mx:datafield><mx:datafield ind1="0" ind2=" " tag="100"><mx:subfield code="a">Callinicus,</mx:subfield><mx:subfield code="d">3rd cent.</mx:subfield></mx:datafield><mx:datafield ind1="0" ind2=" " tag="400"><mx:subfield code="a">Kallinikos,</mx:subfield><mx:subfield code="d">3rd cent.</mx:subfield></mx:datafield><mx:datafield ind1=" " ind2=" " tag="670"><mx:subfield code="a">De septem mundi miraculis. Libellus de septem orbis spectaculis, 1816:</mx:subfield><mx:subfield code="b">t.p. (...Callinici Sophistae)</mx:subfield></mx:datafield><mx:datafield ind1=" " ind2=" " tag="670"><mx:subfield code="a">Lex. der alten Welt, 1965</mx:subfield><mx:subfield code="b">(Kallinikos, von Petra; noted Syrian sophist, 2nd half of 3rd cent.)</mx:subfield></mx:datafield><mx:datafield ind1=" " ind2=" " tag="999"><mx:subfield code="a">27</mx:subfield></mx:datafield></mx:record>